%% Created for Yuhei Takagawa at 2017-08-14 00:41:53 +0900


%% Saved with string encoding Unicode (UTF-8)



@misc{criu,
	Author = {{CRIU Project}},
	Title = {CRIU Main page},
	Year = {2010 (accessed August 14, 2017)},
	howpublished = {\url{https://criu.org/}}}

@misc{freebsd-vps,
	Author = {{Klaus P. Ohrhallinger}},
	Title = {Virtual Private System for FreeBSD},
	Year = {2010 (accessed August 14, 2017)},
	note = {EuroBSDCon 2010},
	howpublished = {\url{http://www.7he.at/freebsd/vps/}}}

@inproceedings{container_live,
	Author = {{A. Mirkin, A. Kuznetsov and K. Kolyshkin}},
	booktitle = {In Proceedings of the 2008 Ottawa Linux Symposium},
	Pages = {85-90},
	Title = {Containers checkpointing and live migration},
	Volume = {2},
	Year = {2008}}

@misc{virtualbox,
	Author = {{Oracle Corporation.}},
	Title = {User Manual},
	Year = {2017 (accessed August 14, 2017)},
	howpublished = {\url{https://www.virtualbox.org/manual/UserManual.html/}}}

@misc{freebsd,
	Author = {{The FreeBSD Project}},
	Title = {About FreeBSD},
	Year = {2016 (accessed August 14, 2017)},
	howpublished = {\url{https://www.freebsd.org/}}
	}

@misc{vmware-official,
	Author = {{VMware, Inc.}},
	Title = {VMwareについて},
	Year = {2017 (accessed August 16, 2017)},
	howpublished = {\url{https://www.vmware.com/jp/products/vsphere-hypervisor.html}}
}

@misc{xen-official,
Author = {{Xen Project}},
Title = {Project Mission},
Year = {2013 (accessed August 16, 2017)},
howpublished = {\url{https://www.xenproject.org/project-mission.html}}
}

@book{xen,
Author = {宮本久仁男ほか},
Title = {Xen 徹底入門-オープンソースで実現するOS仮想化環境},
Publisher = {翔泳社},
Year = {December, 2007}
}

@misc{hyper-v-official,
Author = {{Microsoft Corporation}},
Title = {Hyper-Vの概要},
Year = {2017 (accessed August 16, 2017)},
howpublished = {\url{https://technet.microsoft.com/ja-jp/library/hh831531}}
}

@misc{cgroups-namespace,
Author = {{Docker Inc.}},
Title = {Docker overview},
Year = {2017 (accessed August 16, 2017)},
howpublished = {\url{https://docs.docker.com/engine/docker-overview/}}
}

@misc{jail,
Author = {LiWenHsu},
Title = {Docker on FreeBSD},
Year = {2017 (accessed August 16, 2017)},
howpublished = {\url{https://wiki.freebsd.org/Docker}}
}

@misc{docker,
Author = {{Docker Inc.}},
Title = {Docker Documentation},
Year = {2017 (accessed august 16, 2017)},
howpublished = {\url{https://docs.docker.com/}}
}

@misc{protobuf,
Author = {{Google Inc.}},
Title = {Protocol Buffers},
Year = {2017 (accessed August 16, 2017)},
howpublished = {\url{https://developers.google.com/protocol-buffers/}}
}

@misc{linux-emu,
Author = {{Jim Mock}},
Title = {Chapter 10. Linux® Binary Compatibility},
Year = {1999 (accessed August 16, 2017)},
howpublished = {\url{https://www.freebsd.org/doc/handbook/linuxemu.html}}
}

@book{hello,
Author = {坂井 弘亮},
Title = {ハロー“Hello,World" : OSと標準ライブラリのシゴトとしくみ : たった7行のCプログラムから解き明かす},
Publisher = {秀和システム},
Year = {September, 2015}
}

@article{yamada_survey_2016,
author="Yamada, Hiroshi",
title="Survey on Mechanisms for Live Virtual Machine Migration and its Improvements",
journal="Information and Media Technologies",
ISSN="1881-0896",
publisher="Information and Media Technologies Editorial Board",
year="2016",
month="",
volume="11",
number="",
pages="101-115",
URL="http://ci.nii.ac.jp/naid/130005157936/en/",
DOI="10.11185/imt.11.101",
}
